%% This is a collection of stubs of the most frequently used bibtex entries
%% with the required fields. Please refer to BibTeX/BibLaTeX docs for
%% additional details.
%% http://biblatex-biber.sourceforge.net/

%% A book with an explicit publisher.
@book{,
  author    = "Yunus A. Cengel",
  title     = "Thermodynamics: an engineering approach",
  publisher = "McGraw-Hill Education",
  year      = 2015
}